<?xml version="1.0" encoding="utf-8"?>
<record xmlns="http://www.loc.gov/MARC21/slim" xmlns:xsi="http://www.w3.org/2001/XMLSchema-instance" xsi:schemaLocation="http://www.loc.gov/MARC21/slim http://www.loc.gov/standards/marcxml/schema/MARC21slim.xsd">
	<leader>     nam a22     Mi 4500</leader>
	<controlfield tag="001">b12621432</controlfield>
	<controlfield tag="003">LeBAU</controlfield>
	<controlfield tag="006">m        d        </controlfield>
	<controlfield tag="007">cr cn |||m|||a</controlfield>
	<controlfield tag="008">181009m19231998ua      o     ||1 0 ara d</controlfield>
	<datafield ind1=" " ind2=" " tag="037">
		<subfield code="b">General Book Organization</subfield>
		<subfield code="c">64</subfield>
		<subfield code="z">29949</subfield>
	</datafield>
	<datafield ind1=" " ind2=" " tag="040">
		<subfield code="a">ZYU</subfield>
		<subfield code="b">ara</subfield>
		<subfield code="e">rda</subfield>
		<subfield code="c">ZYU</subfield>
	</datafield>
	<datafield ind1=" " ind2="4" tag="050">
		<subfield code="a">AE90.A7</subfield>
		<subfield code="b">N8 1923</subfield>
	</datafield>
	<datafield ind1="0" ind2="4" tag="082">
		<subfield code="a">039</subfield>
		<subfield code="2">20</subfield>
	</datafield>
	<datafield ind1="1" ind2=" " tag="100">
		<subfield code="6">880-01</subfield>
		<subfield code="a">Nuwayrī, Aḥmad ibn ʻAbd al-Wahhāb,</subfield>
		<subfield code="d">1279-1333,</subfield>
		<subfield code="e">author.</subfield>
	</datafield>
	<datafield ind1="1" ind2="0" tag="245">
		<subfield code="6">880-02</subfield>
		<subfield code="a">Nihāyat al-arab fī funūn al-adab /</subfield>
		<subfield code="c">ta’līf Shihāb al-Dīn Aḥmad ʻAbd al-Wahhāb al-Nuwayrī.</subfield>
	</datafield>
	<datafield ind1=" " ind2="1" tag="264">
		<subfield code="6">880-03</subfield>
		<subfield code="a">al-Qāhirah :</subfield>
		<subfield code="b">Maṭba‘at Dār al-Kutub al-Miṣrīyah,</subfield>
		<subfield code="c">[1923-1955?]</subfield>
	</datafield>
	<datafield ind1=" " ind2=" " tag="300">
		<subfield code="6">880-04</subfield>
		<subfield code="a">online resource (33 volumes)</subfield>
	</datafield>
	<datafield ind1=" " ind2=" " tag="336">
		<subfield code="a">text</subfield>
		<subfield code="2">rdacontent</subfield>
	</datafield>
	<datafield ind1=" " ind2=" " tag="337">
		<subfield code="a">computer</subfield>
		<subfield code="2">rdamedia</subfield>
	</datafield>
	<datafield ind1=" " ind2=" " tag="338">
		<subfield code="a">online resource</subfield>
		<subfield code="2">rdacarrier</subfield>
	</datafield>
	<datafield ind1=" " ind2=" " tag="500">
		<subfield code="a">Part of the Arabic Collections Online (ACO) project, contributed by American University of Beirut's Jafet Memorial Library.</subfield>
	</datafield>
	<datafield ind1=" " ind2=" " tag="533">
		<subfield code="a">Electronic reproduction.</subfield>
		<subfield code="b">New York, N.Y. :</subfield>
		<subfield code="c">New York University,</subfield>
		<subfield code="d">2018.</subfield>
		<subfield code="5">NNU</subfield>
	</datafield>
	<datafield ind1=" " ind2="0" tag="650">
		<subfield code="6">880-05</subfield>
		<subfield code="a">Encyclopedias and dictionaries, Arabic</subfield>
		<subfield code="v">Early works to 1800.</subfield>
	</datafield>
	<datafield ind1="2" ind2=" " tag="710">
		<subfield code="a">Jafet Memorial Library.</subfield>
	</datafield>
	<datafield ind1="0" ind2=" " tag="730">
		<subfield code="a">Arabic Collections Online.</subfield>
	</datafield>
	<datafield ind1="0" ind2=" " tag="775">
		<subfield code="6">880-06</subfield>
		<subfield code="i">has designation of edition</subfield>
		<subfield code="4">http://rdaregistry.info/Elements/m/P30133:</subfield>
		<subfield code="t">Nihāyat al-arab fī funūn al-adab.</subfield>
		<subfield code="d">al-Qāhirah : Wizārat al-Thaqāfah wa-al-Irshād al-Qawmī, al-Mu’assasah al-Miṣrīyah al-‘Āmmah lil-Ta’līf wa-al-Tarjamah wa-al-Ṭibā‘ah wa-al-Nashr, [1964?]</subfield>
		<subfield code="w">b19213621</subfield>
	</datafield>
	<datafield ind1="0" ind2=" " tag="775">
		<subfield code="6">880-07</subfield>
		<subfield code="i">has designation of edition</subfield>
		<subfield code="4">http://rdaregistry.info/Elements/m/P30133:</subfield>
		<subfield code="t">Nihāyat al-arab fī funūn al-adab.</subfield>
		<subfield code="d">al-Qāhirah : al-Hay’ah al-Miṣrīyah al-‘Āmmah lil-Kitāb, 1975-1992.</subfield>
		<subfield code="w">b19213657</subfield>
	</datafield>
	<datafield ind1="0" ind2=" " tag="775">
		<subfield code="6">880-08</subfield>
		<subfield code="i">has designation of edition</subfield>
		<subfield code="4">http://rdaregistry.info/Elements/m/P30133:</subfield>
		<subfield code="t">Nihāyat al-arab fī funūn al-adab.</subfield>
		<subfield code="b">al-Ṭab‘ah al-ūlá.</subfield>
		<subfield code="d">al-Qāhirah : al-Hay’ah al-‘Āmmah li-Dār al-Kutub wa-al-Wathā’iq al-Qawmīyah, Markaz Taḥqīq al-Turāth, 1997-1998</subfield>
		<subfield code="w">b1921375x</subfield>
	</datafield>
	<datafield ind1="0" ind2="8" tag="776">
		<subfield code="i">Print version:</subfield>
		<subfield code="a">Nuwayrī, Aḥmad ibn ʻAbd al-Wahhāb, 1279-1333, author.</subfield>
		<subfield code="t">Nihāyat al-arab fī funūn al-adab</subfield>
		<subfield code="w">(LeBAU)b12621432</subfield>
	</datafield>
	<datafield ind1="4" ind2="0" tag="856">
		<subfield code="u">http://hdl.handle.net/2333.1/msbcc8rm</subfield>
	</datafield>
	<datafield ind1="1" ind2=" " tag="880">
		<subfield code="6">100-01</subfield>
		<subfield code="a">النويري، احمد بن عبد الوهاب،</subfield>
		<subfield code="d">1279-1333،</subfield>
		<subfield code="e">مؤلف.</subfield>
		<subfield code="4">aut.</subfield>
	</datafield>
	<datafield ind1="1" ind2="0" tag="880">
		<subfield code="6">245-02</subfield>
		<subfield code="a">نهاية الأرب في فنون الأدب /</subfield>
		<subfield code="c">تأليف شهاب الدين أحمد عبد الوهاب النويري.</subfield>
	</datafield>
	<datafield ind1=" " ind2="1" tag="880">
		<subfield code="6">264-03</subfield>
		<subfield code="a">القاهرة :</subfield>
		<subfield code="b">مطبعة دار الكتب المصرية،</subfield>
		<subfield code="c">[1923-1955؟]</subfield>
	</datafield>
	<datafield ind1=" " ind2=" " tag="880">
		<subfield code="6">300-04</subfield>
		<subfield code="a">33 سفر ؛</subfield>
		<subfield code="c">26 سم</subfield>
	</datafield>
	<datafield ind1="0" ind2="0" tag="880">
		<subfield code="6">505-00</subfield>
		<subfield code="t">نهاية الارب في فنون الادب:</subfield>
		<subfield code="g">الفن الأول.</subfield>
		<subfield code="t">في السماء والآثار العلوية، والارض والمعالم السفلية --</subfield>
		<subfield code="g">الفن الثاني.</subfield>
		<subfield code="t">في الانسان وما يتعلق به --</subfield>
		<subfield code="g">الفن الثالث.</subfield>
		<subfield code="t">في الحيوان الصامت --</subfield>
		<subfield code="g">الفن الرابع.</subfield>
		<subfield code="t">في النبات --</subfield>
		<subfield code="g">الفن الخامس.</subfield>
		<subfield code="t">في التاريخ.</subfield>
	</datafield>
	<datafield ind1=" " ind2=" " tag="880">
		<subfield code="6">588-00</subfield>
		<subfield code="a">الوصف يستند الى الجزء الثالث.</subfield>
	</datafield>
	<datafield ind1=" " ind2=" " tag="880">
		<subfield code="6">590-00</subfield>
		<subfield code="a">في المكتبة: الأجزاء 3-10، 12-18.</subfield>
	</datafield>
	<datafield ind1=" " ind2="4" tag="880">
		<subfield code="6">650-05</subfield>
		<subfield code="a">الموسوعات والقواميس العربية</subfield>
		<subfield code="v">اعمال قديمة حتى 1800.</subfield>
	</datafield>
	<datafield ind1="0" ind2=" " tag="880">
		<subfield code="6">775-06</subfield>
		<subfield code="i">دلالة على الطبعة</subfield>
		<subfield code="4">http://rdaregistry.info/Elements/m/P30133:</subfield>
		<subfield code="t">نهاية الأرب في فنون الأدب.</subfield>
		<subfield code="d">القاهرة : وزارة الثقافة والإرشاد القومي، المؤسسة المصرية العامة للتأليف والترجمة والطباعة والنشر، [1964؟]</subfield>
		<subfield code="w">b19213621</subfield>
	</datafield>
	<datafield ind1="0" ind2=" " tag="880">
		<subfield code="6">775-07</subfield>
		<subfield code="i">دلالة على الطبعة</subfield>
		<subfield code="4">http://rdaregistry.info/Elements/m/P30133:</subfield>
		<subfield code="t">نهاية الأرب في فنون الأدب.</subfield>
		<subfield code="d">القاهرة : الهيئة المصرية العامة للكتاب، 1975-1992</subfield>
		<subfield code="w">b19213657</subfield>
	</datafield>
	<datafield ind1="0" ind2=" " tag="880">
		<subfield code="6">775-08</subfield>
		<subfield code="i">دلالة على الطبعة</subfield>
		<subfield code="4">http://rdaregistry.info/Elements/m/P30133:</subfield>
		<subfield code="t">نهاية الأرب في فنون الأدب.</subfield>
		<subfield code="b">الطبعة الأولى.</subfield>
		<subfield code="d">القاهرة : الهيئة العامة لدار الكتب والوثائق القومية، مركز تحقيق التراث، 1997-1998</subfield>
		<subfield code="w">b1921375x</subfield>
	</datafield>
	<datafield ind1=" " ind2=" " tag="959">
		<subfield code="a">NNU</subfield>
		<subfield code="b">WEB</subfield>
		<subfield code="c">GENI</subfield>
		<subfield code="t">0</subfield>
		<subfield code="m">Electronic access</subfield>
		<subfield code="s">01</subfield>
	</datafield>
	<datafield ind1=" " ind2=" " tag="999">
		<subfield code="i">LeBAU_b12621432</subfield>
		<subfield code="s">aub_aco001962:v.3</subfield>
		<subfield code="s">aub_aco001963:v.4</subfield>
		<subfield code="s">aub_aco001964:v.5</subfield>
		<subfield code="s">aub_aco001965:v.6</subfield>
		<subfield code="s">aub_aco001966:v.7</subfield>
		<subfield code="s">aub_aco001967:v.8</subfield>
		<subfield code="s">aub_aco001968:v.9</subfield>
		<subfield code="s">aub_aco001969:v.10</subfield>
		<subfield code="s">aub_aco001970:v.12</subfield>
		<subfield code="s">aub_aco001971:v.13</subfield>
		<subfield code="s">aub_aco001972:v.14</subfield>
		<subfield code="s">aub_aco001973:v.15</subfield>
		<subfield code="s">aub_aco001974:v.16</subfield>
		<subfield code="s">aub_aco001975:v.17</subfield>
		<subfield code="s">aub_aco001976:v.18</subfield>
		<subfield code="e">(ERROR-MISC)</subfield>
		<subfield code="s">aub_aco001962:v.3</subfield>
		<subfield code="s">aub_aco001963:v.4</subfield>
		<subfield code="s">aub_aco001964:v.5</subfield>
		<subfield code="s">aub_aco001965:v.6</subfield>
		<subfield code="s">aub_aco001966:v.7</subfield>
		<subfield code="s">aub_aco001967:v.8</subfield>
		<subfield code="s">aub_aco001968:v.9</subfield>
		<subfield code="s">aub_aco001969:v.10</subfield>
		<subfield code="s">aub_aco001970:v.12</subfield>
		<subfield code="s">aub_aco001971:v.13</subfield>
		<subfield code="s">aub_aco001972:v.14</subfield>
		<subfield code="s">aub_aco001973:v.15</subfield>
		<subfield code="s">aub_aco001974:v.16</subfield>
		<subfield code="s">aub_aco001975:v.17</subfield>
		<subfield code="s">aub_aco001976:v.18</subfield>
	</datafield>
</record>
